@article{zhu2023m,
  title={Multi-intention Inverse {Q}-learning for Interpretable Behavior Representation},
  author={Zhu, Hao and De La Crompe, Brice and Kalweit, Gabriel and Schneider, Artur and Kalweit, Maria and Diester, Ilka and Boedecker, Joschka},
  journal={arXiv preprint arXiv:2311.13870},
  year={2023}
}

@article{wang2021hydrogen,
  title={The hydrogen bonding network involved {Arg59} in human protoporphyrinogen {IX} oxidase is essential for enzyme activity},
  author={Wang, Baifan and Zhang, Zijuan and Zhu, Hao and Niu, Congwei and Wen, Xin and Xi, Zhen},
  journal={Biochemical and Biophysical Research Communications},
  volume={557},
  pages={20--25},
  year={2021},
  publisher={Elsevier}
}
